@article{marsaglia1968random,
  title={Random numbers fall mainly in the planes},
  author={Marsaglia, George},
  journal={Proceedings of the National Academy of Sciences of the United States of America},
  volume={61},
  number={1},
  pages={25},
  year={1968},
  publisher={National Academy of Sciences}
}

@article{wald1940test,
  title={On a test whether two samples are from the same population},
  author={Wald, Abraham and Wolfowitz, Jacob},
  journal={The Annals of Mathematical Statistics},
  volume={11},
  number={2},
  pages={147--162},
  year={1940},
  publisher={JSTOR}
}

@book{hardle2017basic,
  title={Basic elements of computational statistics},
  author={H{\"a}rdle, Wolfgang Karl and Okhrin, Ostap and Okhrin, Yarema},
  year={2017},
  publisher={Springer}
}

@article{neave1973using,
  title={On using the Box-M{\"u}ller transformation with multiplicative congruential pseudo-random number generators},
  author={Neave, Henry R},
  journal={Journal of the Royal Statistical Society: Series C (Applied Statistics)},
  volume={22},
  number={1},
  pages={92--97},
  year={1973},
  publisher={Wiley Online Library}
}

@article{cheng1977generation,
  title={The generation of gamma variables with non-integral shape parameter},
  author={Cheng, RCH},
  journal={Journal of the Royal Statistical Society: Series C (Applied Statistics)},
  volume={26},
  number={1},
  pages={71--75},
  year={1977},
  publisher={Wiley Online Library}
}

@article{ahrens1974computer,
  title={Computer methods for sampling from gamma, beta, poisson and bionomial distributions},
  author={Ahrens, Joachim H and Dieter, Ulrich},
  journal={Computing},
  volume={12},
  number={3},
  pages={223--246},
  year={1974},
  publisher={Springer}
}

@article{atkinson1976computer,
  title={The computer generation of beta, gamma and normal random variables},
  author={Atkinson, AC and Pearce, MC},
  journal={Journal of the Royal Statistical Society: Series A (General)},
  volume={139},
  number={4},
  pages={431--448},
  year={1976},
  publisher={Wiley Online Library}
}