@book{wickham2023r,
  title={R for data science},
  author={Wickham, Hadley and {\c{C}}etinkaya-Rundel, Mine and Grolemund, Garrett},
  year={2023},
  publisher={O'Reilly Media, Inc.}
}

@book{wickham2019advanced,
  title={Advanced r},
  author={Wickham, Hadley},
  year={2019},
  publisher={CRC press}
}

@book{xie2016bookdown,
  title={Bookdown: Authoring books and technical documents with R markdown},
  author={Xie, Yihui},
  year={2016},
  publisher={CRC Press}
}

@book{morettin2017estatistica,
  title={Estat{\'\i}stica b{\'a}sica},
  author={Morettin, Pedro A and Bussab, Wilton O},
  year={2017},
  publisher={Saraiva Educa{\c{c}}{\~a}o SA}
}

@article{hintze1998violin,
  title={Violin plots: a box plot-density trace synergism},
  author={Hintze, Jerry L and Nelson, Ray D},
  journal={The American Statistician},
  volume={52},
  number={2},
  pages={181--184},
  year={1998},
  publisher={Taylor \& Francis}
}

@article{hoaglin1983understanding,
  title={Understanding robust and exploratory data anlysis},
  author={Hoaglin, David C and Mosteller, Frederick and Tukey, John W},
  journal={Wiley series in probability and mathematical statistics},
  year={1983}
}
