@article{hall1991two,
  title={Two guidelines for bootstrap hypothesis testing},
  author={Hall, Peter and Wilson, Susan R},
  journal={Biometrics},
  pages={757--762},
  year={1991},
  publisher={JSTOR}
}
