@book{wickham2023r,
  title={R for data science},
  author={Wickham, Hadley and {\c{C}}etinkaya-Rundel, Mine and Grolemund, Garrett},
  year={2023},
  publisher={O'Reilly Media, Inc.}
}

@book{wickham2019advanced,
  title={Advanced r},
  author={Wickham, Hadley},
  year={2019},
  publisher={CRC press}
}

@book{xie2016bookdown,
  title={Bookdown: Authoring books and technical documents with R markdown},
  author={Xie, Yihui},
  year={2016},
  publisher={CRC Press}
}

@book{morettin2017estatistica,
  title={Estat{\'\i}stica b{\'a}sica},
  author={Morettin, Pedro A and Bussab, Wilton O},
  year={2017},
  publisher={Saraiva Educa{\c{c}}{\~a}o SA}
}
